<?xml version="1.0" encoding="UTF-8"?><record xmlns="http://www.loc.gov/MARC21/slim" xmlns:cinclude="http://apache.org/cocoon/include/1.0" xmlns:zs="http://www.loc.gov/zing/srw/">
  <leader>01194cz  a2200181n  4500</leader>
  <controlfield tag="001">n  84239776 </controlfield>
  <controlfield tag="003">DLC</controlfield>
  <controlfield tag="005">19940207073117.5</controlfield>
  <controlfield tag="008">840928n| acannaab|          |a ana |||  </controlfield>
  <datafield tag="010" ind1=" " ind2=" ">
    <subfield code="a">n  84239776 </subfield>
  </datafield>
  <datafield tag="040" ind1=" " ind2=" ">
    <subfield code="a">DLC</subfield>
    <subfield code="c">DLC</subfield>
    <subfield code="d">DLC</subfield>
  </datafield>
  <datafield tag="110" ind1="2" ind2="0">
    <subfield code="a">Laboratório de Produtos Florestais (Instituto Brasileiro de Desenvolvimento Florestal)</subfield>
  </datafield>
  <datafield tag="410" ind1="2" ind2="0">
    <subfield code="a">Instituto Brasileiro de Desenvolvimento Florestal.</subfield>
    <subfield code="b">Departamento de Economia Florestal.</subfield>
    <subfield code="b">Laboratório de Produtos Florestais</subfield>
  </datafield>
  <datafield tag="410" ind1="2" ind2="0">
    <subfield code="a">LPF</subfield>
  </datafield>
  <datafield tag="410" ind1="2" ind2="0">
    <subfield code="a">L.P.F.</subfield>
  </datafield>
  <datafield tag="510" ind1="2" ind2="0">
    <subfield code="w">b</subfield>
    <subfield code="a">Laboratorio de Produtos Florestais (Instituto Brasileiro do Meio Ambiente e dos Recursos Naturais Renováveis)</subfield>
  </datafield>
  <datafield tag="670" ind1=" " ind2=" ">
    <subfield code="a">Potencial madeireiro do Grande Carajás, 1983:</subfield>
    <subfield code="b">t.p. (Laboratório de Produtos Florestais, associado ao CNPq) flap of cover (vinculado ao Departamento de Economia Florestal do Instituto Brasileiro de Desenvolvimento Florestal ; f. in 1973, LPF located on campus of Universidade de Brasília)</subfield>
  </datafield>
  <datafield tag="675" ind1=" " ind2=" ">
    <subfield code="a">Fedalto, L.C. Madeiras da Amaônia, 1989: t.p. (Instituto Brasileiro do Meio Ambiente e dos Recursos Naturais Renováveis, Diretoria de Incentivo à Pesquisa e Divulgação, Laboratório de Produtos Florestais; LPF, Brasília, DF)</subfield>
  </datafield>
</record>